<?xml version="1.0" encoding="UTF-8" standalone="yes"?>
<urn:FedwireFundsOutgoing xmlns:urn="urn:fedwirefunds:outgoing:v001" xmlns:h="urn:iso:std:iso:20022:tech:xsd:head.001.001.03" xmlns:p="urn:iso:std:iso:20022:tech:xsd:camt.052.001.08">
<urn:FedwireFundsOutgoingMessage>
<urn:FedwireFundsEndpointDetailsReport>
<h:AppHdr xmlns:h="urn:iso:std:iso:20022:tech:xsd:head.001.001.03" xmlns:xsi="http://www.w3.org/2001/XMLSchema-instance" xsi:schemaLocation="urn:iso:std:iso:20022:tech:xsd:head.001.001.03 BusinessApplicationHeader_head_001_001_03.xsd">
<h:Fr>
<h:FIId>
<h:FinInstnId>
<h:ClrSysMmbId>
<h:MmbId>021151080</h:MmbId>
</h:ClrSysMmbId>
</h:FinInstnId>
</h:FIId>
</h:Fr>
<h:To>
<h:FIId>
<h:FinInstnId>
<h:ClrSysMmbId>
<h:MmbId>011054402</h:MmbId>
</h:ClrSysMmbId>
</h:FinInstnId>
</h:FIId>
</h:To>
<h:BizMsgIdr>20250722A1B2T3E5000231</h:BizMsgIdr>
<h:MsgDefIdr>camt.052.001.08</h:MsgDefIdr>
<h:BizSvc>TEST</h:BizSvc>
<h:MktPrctc>
<h:Regy>www2.swift.com/mystandards/#/group/Federal_Reserve_Financial_Services/Fedwire_Funds_Service</h:Regy>
<h:Id>frb.fedwire.01</h:Id>
</h:MktPrctc>
<h:CreDt>2025-07-22T03:02:28-04:00</h:CreDt>
<h:BizPrcgDt>2025-07-22T03:02:28-04:00</h:BizPrcgDt>
</h:AppHdr>
<p:Document xmlns:p="urn:iso:std:iso:20022:tech:xsd:camt.052.001.08" xmlns:xsi="http://www.w3.org/2001/XMLSchema-instance" xsi:schemaLocation="urn:iso:std:iso:20022:tech:xsd:camt.052.001.08 Fedwire_EndpointDetailsReport_camt_052_001_08.xsd">
<p:BkToCstmrAcctRpt>
<p:GrpHdr>
<p:MsgId>DTLS</p:MsgId>
<p:CreDtTm>2025-07-22T03:02:28-04:00</p:CreDtTm>
<p:MsgPgntn>
<p:PgNb>1</p:PgNb>
<p:LastPgInd>true</p:LastPgInd>
</p:MsgPgntn>
<p:OrgnlBizQry>
<p:MsgId>20250722A1B2T3E5000229</p:MsgId>
<p:MsgNmId>camt.060.001.05</p:MsgNmId>
<p:CreDtTm>2025-07-22T07:02:27</p:CreDtTm>
</p:OrgnlBizQry>
</p:GrpHdr>
<p:Rpt>
<p:Id>IDAY</p:Id>
<p:RptgSeq>
<p:FrToSeq>
<p:FrSeq>000001</p:FrSeq>
<p:ToSeq>000010</p:ToSeq>
</p:FrToSeq>
</p:RptgSeq>
<p:CreDtTm>2025-07-22T00:00:00-04:00</p:CreDtTm>
<p:Acct>
<p:Id>
<p:Othr>
<p:Id>A1B2T3E5</p:Id>
</p:Othr>
</p:Id>
<p:Tp/>
</p:Acct>
<p:TxsSummry>
<p:TtlDbtNtries>
<p:NbOfNtries>3</p:NbOfNtries>
<p:Sum>30.0</p:Sum>
</p:TtlDbtNtries>
<p:TtlNtriesPerBkTxCd>
<p:NbOfNtries>0</p:NbOfNtries>
<p:BkTxCd>
<p:Prtry>
<p:Cd>INPR</p:Cd>
</p:Prtry>
</p:BkTxCd>
</p:TtlNtriesPerBkTxCd>
<p:TtlNtriesPerBkTxCd>
<p:NbOfNtries>0</p:NbOfNtries>
<p:BkTxCd>
<p:Prtry>
<p:Cd>ICPT</p:Cd>
</p:Prtry>
</p:BkTxCd>
</p:TtlNtriesPerBkTxCd>
<p:TtlNtriesPerBkTxCd>
<p:NbOfNtries>0</p:NbOfNtries>
<p:BkTxCd>
<p:Prtry>
<p:Cd>SENT</p:Cd>
</p:Prtry>
</p:BkTxCd>
</p:TtlNtriesPerBkTxCd>
<p:TtlNtriesPerBkTxCd>
<p:NbOfNtries>0</p:NbOfNtries>
<p:BkTxCd>
<p:Prtry>
<p:Cd>RJCT</p:Cd>
</p:Prtry>
</p:BkTxCd>
</p:TtlNtriesPerBkTxCd>
</p:TxsSummry>
<p:Ntry>
<p:Amt Ccy="USD">10.0</p:Amt>
<p:CdtDbtInd>DBIT</p:CdtDbtInd>
<p:Sts>
<p:Cd>BOOK</p:Cd>
</p:Sts>
<p:BkTxCd>
<p:Prtry>
<p:Cd>DBIT</p:Cd>
</p:Prtry>
</p:BkTxCd>
<p:AddtlInfInd>
<p:MsgNmId>pacs.009.001.08</p:MsgNmId>
</p:AddtlInfInd>
<p:NtryDtls>
<p:TxDtls>
<p:Refs>
<p:MsgId>20250722A1B2T3E5000005</p:MsgId>
<p:InstrId>f1c0ce22-8e8b-465e-ade8-d365b6b7708</p:InstrId>
<p:EndToEndId>INV0019253</p:EndToEndId>
<p:UETR>6664a4c2-c3a0-46e4-bb1b-1875d78602cd</p:UETR>
</p:Refs>
<p:RltdAgts>
<p:InstgAgt>
<p:FinInstnId>
<p:ClrSysMmbId>
<p:ClrSysId>
<p:Cd>USABA</p:Cd>
</p:ClrSysId>
<p:MmbId>011054402</p:MmbId>
</p:ClrSysMmbId>
</p:FinInstnId>
</p:InstgAgt>
<p:InstdAgt>
<p:FinInstnId>
<p:ClrSysMmbId>
<p:ClrSysId>
<p:Cd>USABA</p:Cd>
</p:ClrSysId>
<p:MmbId>021752388</p:MmbId>
</p:ClrSysMmbId>
</p:FinInstnId>
</p:InstdAgt>
</p:RltdAgts>
<p:LclInstrm>
<p:Prtry>CTRC</p:Prtry>
</p:LclInstrm>
</p:TxDtls>
</p:NtryDtls>
</p:Ntry>
<p:Ntry>
<p:Amt Ccy="USD">10.0</p:Amt>
<p:CdtDbtInd>DBIT</p:CdtDbtInd>
<p:Sts>
<p:Cd>BOOK</p:Cd>
</p:Sts>
<p:BkTxCd>
<p:Prtry>
<p:Cd>DBIT</p:Cd>
</p:Prtry>
</p:BkTxCd>
<p:AddtlInfInd>
<p:MsgNmId>pacs.009.001.08</p:MsgNmId>
</p:AddtlInfInd>
<p:NtryDtls>
<p:TxDtls>
<p:Refs>
<p:MsgId>20250722A1B2T3E5000007</p:MsgId>
<p:InstrId>fa16b98d-76a5-43d1-b372-a84b6082f1a</p:InstrId>
<p:EndToEndId>INV0019253</p:EndToEndId>
<p:UETR>980f9ac7-446a-425a-a166-c1f8ec8075ec</p:UETR>
</p:Refs>
<p:RltdAgts>
<p:InstgAgt>
<p:FinInstnId>
<p:ClrSysMmbId>
<p:ClrSysId>
<p:Cd>USABA</p:Cd>
</p:ClrSysId>
<p:MmbId>011054402</p:MmbId>
</p:ClrSysMmbId>
</p:FinInstnId>
</p:InstgAgt>
<p:InstdAgt>
<p:FinInstnId>
<p:ClrSysMmbId>
<p:ClrSysId>
<p:Cd>USABA</p:Cd>
</p:ClrSysId>
<p:MmbId>021752388</p:MmbId>
</p:ClrSysMmbId>
</p:FinInstnId>
</p:InstdAgt>
</p:RltdAgts>
<p:LclInstrm>
<p:Prtry>CTRC</p:Prtry>
</p:LclInstrm>
</p:TxDtls>
</p:NtryDtls>
</p:Ntry>
<p:Ntry>
<p:Amt Ccy="USD">10.0</p:Amt>
<p:CdtDbtInd>DBIT</p:CdtDbtInd>
<p:Sts>
<p:Cd>BOOK</p:Cd>
</p:Sts>
<p:BkTxCd>
<p:Prtry>
<p:Cd>DBIT</p:Cd>
</p:Prtry>
</p:BkTxCd>
<p:AddtlInfInd>
<p:MsgNmId>pacs.009.001.08</p:MsgNmId>
</p:AddtlInfInd>
<p:NtryDtls>
<p:TxDtls>
<p:Refs>
<p:MsgId>20250722A1B2T3E5000009</p:MsgId>
<p:InstrId>368452b3-8034-418e-9e05-28bc181bda4</p:InstrId>
<p:EndToEndId>INV0019253</p:EndToEndId>
<p:UETR>97735c98-3b10-4675-a82e-b32caeafb642</p:UETR>
</p:Refs>
<p:RltdAgts>
<p:InstgAgt>
<p:FinInstnId>
<p:ClrSysMmbId>
<p:ClrSysId>
<p:Cd>USABA</p:Cd>
</p:ClrSysId>
<p:MmbId>011054402</p:MmbId>
</p:ClrSysMmbId>
</p:FinInstnId>
</p:InstgAgt>
<p:InstdAgt>
<p:FinInstnId>
<p:ClrSysMmbId>
<p:ClrSysId>
<p:Cd>USABA</p:Cd>
</p:ClrSysId>
<p:MmbId>021752388</p:MmbId>
</p:ClrSysMmbId>
</p:FinInstnId>
</p:InstdAgt>
</p:RltdAgts>
<p:LclInstrm>
<p:Prtry>CTRC</p:Prtry>
</p:LclInstrm>
</p:TxDtls>
</p:NtryDtls>
</p:Ntry>
</p:Rpt>
</p:BkToCstmrAcctRpt>
</p:Document>
</urn:FedwireFundsEndpointDetailsReport>
</urn:FedwireFundsOutgoingMessage>
</urn:FedwireFundsOutgoing>